
@Misc{OpenCL浅析,
 
howpublished = {\url{https://blog.csdn.net/chifredhong/article/details/73931017}},
 
note = {Accessed Nov. 6, 2019},
 
title = {OpenCL浅析(1)-GPU和FPGA平台搭建},
 
author = {chifredhong}
 
}